% Add the references here

@book{ideals-varieties-algorithms,
    author = {{D. A. Cox, J. Little, and D. O'Shea}},
    title = {Ideals, Varieties, and Algorithms (third edition)},
    publisher = {Springer-Verlag New-York},
    year = {2007}
}